@article{erdweg2015evaluating,
  title={{Evaluating and comparing language workbenches: Existing results and benchmarks for the future}},
  author={Erdweg, S. and van der Storm, T. and V{\"o}lter, M. and Tratt, L. and Bosman, R. and Cook, W. R. and Gerritsen, A. and Hulshout, A. and Kelly, S. and Loh, A. and others},
  journal={Computer Languages, Systems \& Structures},
  volume={44},
  pages={24--47},
  year={2015},
  publisher={Elsevier}
}
